@misc{Dijkstra算法,
    author = {},
    year = 2024,
    url = {https://oi-wiki.org/graph/shortest-path/#dijkstra-%E7%AE%97%E6%B3%95},
    urldate = {November 21,2024},
    title = {OI-Wiki Dijkstra算法}
}

@misc{深圳地铁,
    author = {},
    year = 2024,
    url = {https://www.szmc.net/},
    urldate = {November 21,2024},
    title = {深圳地铁官网}
}

@misc{深圳地铁大数据客流分析系统1,
    author = {github@Roger7219},
    year = 2024,
    url = {https://github.com/Roger7219/SZ-Metro},
    urldate = {November 21,2024},
    title = {深圳地铁大数据客流分析系统1}
}

@misc{深圳地铁大数据客流分析系统2,
    author = {github@geekyouth},
    year = 2024,
    url = {https://github.com/geekyouth/SZT-bigdata},
    urldate = {November 21,2024},
    title = {深圳地铁大数据客流分析系统2}
}

@book{新城市科学,
author = {Michael Batty},
title = {The new science of cities},
publisher = {The MIT Press},
year = 2019
}

@article{ WOS:000312737200013,
Author = {Silva, Carlos Nunes},
Title = {The information age: economy, society and culture},
Journal = {PLANNING PERSPECTIVES},
Year = {2011},
Volume = {26},
Number = {2},
Pages = {322-324},
ISSN = {0266-5433},
ResearcherID-Numbers = {Silva, Carlos/KBB-9784-2024},
Unique-ID = {WOS:000312737200013},
    }

@article{ WOS:000979996300004,
Author = {Caldarelli, G. and Arcaute, E. and Barthelemy, M. and Batty, M. and
   Gershenson, C. and Helbing, D. and Mancuso, S. and Moreno, Y. and
   Ramasco, J. J. and Rozenblat, C. and Sanchez, A. and
   Fernandez-Villacanas, J. L.},
Title = {The role of complexity for digital twins of cities},
Journal = {NATURE COMPUTATIONAL SCIENCE},
Year = {2023},
Volume = {3},
Number = {5},
Pages = {374-381},
Month = {MAY},
DOI = {10.1038/s43588-023-00431-4},
EarlyAccessDate = {MAY 2023},
EISSN = {2662-8457},
ResearcherID-Numbers = {barthelemy, marc/B-3942-2008
   Helbing, Dirk/C-6114-2008
   Mancuso, Stefano/G-6515-2012
   Sanchez, Angel/A-9229-2008
   Moreno Vega, Yamir/A-1076-2009
   Ramasco, Jose J/F-2860-2010
   }
}

@article{ WOS:001087009900001,
Author = {Guo, Renzhong and Hong, Wuyang and He, Biao and Wang, Weixi and Li,
   Xiaoming and Li, Minmin and Jiang, Lin},
Title = {An integrated cognitive framework for understanding modern cities},
Journal = {COMPUTATIONAL URBAN SCIENCE},
Year = {2022},
Volume = {2},
Number = {1},
Month = {OCT 7},
DOI = {10.1007/s43762-022-00065-8},
Article-Number = {36},
EISSN = {2730-6852},
ResearcherID-Numbers = {Hong, Wuyang/AGP-3237-2022
   },
ORCID-Numbers = {hong, wuyang/0009-0005-7686-8329},
Unique-ID = {WOS:001087009900001},
    }

@article{ WHCH202201019,
author = { 乐阳 and  刘瑜 and  陈云松 and  贺力 and  陈晨 and  李文雯 and  秦昆 and  贾涛 and  许刚 and  王法辉 and  王静远 and  谢幸 and  徐丰力 and  徐阳 and  苏世亮 and  桂志鹏 and  游兰 and  张明达 and  张丰 and  张晓祥 and  赵博 and  赵耀龙 and  周钰伦 and  黄波 and  曹凯 },
title = {空间和地理计算与计算社会学的融合路径},
journal = {武汉大学学报(信息科学版)},
volume = {47},
number = {01},
pages = {1-18},
year = {2022},
issn = {1671-8860},
doi = {10.13203/j.whugis20210619}
}

@article{ JZXB2020Z1004,
author = { 龙瀛 },
title = {颠覆性技术驱动下的未来人居——来自新城市科学和未来城市等视角},
journal = {建筑学报},
volume = {},
number = {Z1},
pages = {34-40},
year = {2020},
issn = {0529-1399},
doi = {10.19819/j.cnki.ISSN0529-1399.202003004}
}

@article{JSJS201910011,
author = {  黄钢忠 and     姜春涛 and     杨志鹄 and     黄泽斌 and     黄颖欣 and 冯樱},
title = {基于蚁群算法的管道规划改进方法探究},
journal = {计算机时代},
volume = {},
number = {10},
pages = {40-42},
year = {2019},
issn = {1006-8228},
doi = {10.16644/j.cnki.cn33-1094/tp.2019.10.011}
}    

@article{CXGH202301004,
author = {  方辰昊 and 赵民},
title = {城市规划视域的“空间供需”理论框架及研究意义},
journal = {城市规划学刊},
volume = {},
number = {01},
pages = {26-32},
year = {2023},
issn = {1000-3363},
doi = {10.16361/j.upf.202301004}
}    

@article{TDJS202401026,
author = {  杨斌 and 阳博},
title = {深圳地铁环线规划建设方案研究与思考},
journal = {铁道建筑技术},
volume = {},
number = {01},
pages = {110-114+171},
year = {2024},
issn = {1009-4539},
}    

@article{TDBZ202407002,
author = {  张洪 and     文晓玲 and     刘东坡 and     朱戡 and     付嘉庆 and 王业},
title = {旅客列车舒适性评价方法和指标综述},
journal = {铁道技术标准(中英文)},
volume = {6},
number = {07},
pages = {7-15},
year = {2024},
issn = {2096-6253},
}    

@article{TDJC201606008,
author = {  王林栋 and     吴宁 and 文彬},
title = {风致高速列车瞬态乘坐舒适度评价指标研究},
journal = {铁道机车车辆},
volume = {36},
number = {06},
pages = {22-24+38},
year = {2016},
issn = {1008-7842},
}    

@mastersthesis{1012391475.nh,
author = {赵倩},
 title = {高速铁路旅客舒适度的动力学研究},
school = {西南交通大学},
year = {2012}
}    

@article{ZLKT201303011,
author = {  石小容 and 伍川辉},
title = {热舒适性PMV-PPD指标在高速列车上的应用},
journal = {制冷与空调(四川)},
volume = {27},
number = {03},
pages = {249-252},
year = {2013},
issn = {1671-6612},
}    

@article{DQXX202306007,
author = {  罗秋雨 and     乐阳 and 谷岩岩},
title = {城市地铁出行知识图谱嵌入表达的超参数选择},
journal = {地球信息科学学报},
volume = {25},
number = {06},
pages = {1164-1175},
year = {2023},
issn = {1560-8999},
}    

@mastersthesis{1019622380.nh,
author = {刘练},
 title = {我国大型高架候车式高铁客站入站空间设计研究},
school = {华南理工大学},
year = {2019}
}    
